@article{BlalockMG2018Sprintz,
  title = "Sprintz: Time Series Compression for the {Internet of Things}",
  author = "Blalock, Davis and Madden, Samuel and Guttag, John",
  journal = "Proceedings of the ACM on Interactive, Mobile, Wearable and Ubiquitous Technologies",
  volume = "2",
  number = "3",
  articleno = "93",
  numpages = "23",
  year = "2018",
  publisher = "Association for Computing Machinery",
  address = "New York, NY, USA",
  doi = {10.1145/3264903}
}
